@misc{cryptoeprint:2011/344,
	author = {Zvika Brakerski and Vinod Vaikuntanathan},
	title = {Efficient Fully Homomorphic Encryption from (Standard) {LWE}},
	howpublished = {Cryptology {ePrint} Archive, Paper 2011/344},
	year = {2011},
	url = {https://eprint.iacr.org/2011/344}
}

@misc{cryptoeprint:2012/099,
	author = {Craig Gentry and Shai Halevi and Nigel P.  Smart},
	title = {Homomorphic Evaluation of the {AES} Circuit},
	howpublished = {Cryptology {ePrint} Archive, Paper 2012/099},
	year = {2012},
	url = {https://eprint.iacr.org/2012/099}
}

@misc{cryptoeprint:2013/293,
      author = {Vadim Lyubashevsky and Chris Peikert and Oded Regev},
      title = {A Toolkit for Ring-{LWE} Cryptography},
      howpublished = {Cryptology {ePrint} Archive, Paper 2013/293},
      year = {2013},
      url = {https://eprint.iacr.org/2013/293}
}

@misc{cryptoeprint:2014/106,
	author = {Shai Halevi and Victor Shoup},
	title = {Algorithms in {HElib}},
	howpublished = {Cryptology {ePrint} Archive, Paper 2014/106},
	year = {2014},
	url = {https://eprint.iacr.org/2014/106}
}

@misc{cryptoeprint:2015/1134,
	author = {Eric Crockett and Chris Peikert},
	title = {$\Lambda \circ \lambda$: Functional Lattice Cryptography},
	howpublished = {Cryptology {ePrint} Archive, Paper 2015/1134},
	year = {2015},
	doi = {10.1145/2976749.2978402},
	url = {https://eprint.iacr.org/2015/1134}
}

@misc{cryptoeprint:2016/421,
	author = {Jung Hee Cheon and Andrey Kim and Miran Kim and Yongsoo Song},
	title = {Homomorphic Encryption for Arithmetic of Approximate Numbers},
	howpublished = {Cryptology {ePrint} Archive, Paper 2016/421},
	year = {2016},
	url = {https://eprint.iacr.org/2016/421}
}

@misc{cryptoeprint:2016/510,
	author = {Jean-Claude Bajard and Julien Eynard and Anwar Hasan and Vincent Zucca},
	title = {A Full {RNS} Variant of {FV} like Somewhat Homomorphic Encryption Schemes},
	howpublished = {Cryptology {ePrint} Archive, Paper 2016/510},
	year = {2016},
	url = {https://eprint.iacr.org/2016/510}
}

@misc{cryptoeprint:2017/258,
      author = {Chris Peikert and Oded Regev and Noah Stephens-Davidowitz},
      title = {Pseudorandomness of Ring-{LWE} for Any Ring and Modulus},
      howpublished = {Cryptology {ePrint} Archive, Paper 2017/258},
      year = {2017},
      url = {https://eprint.iacr.org/2017/258}
}

@misc{cryptoeprint:2018/067,
	author = {Hao Chen and Kyoohyung Han},
	title = {Homomorphic Lower Digits Removal and Improved {FHE} Bootstrapping},
	howpublished = {Cryptology {ePrint} Archive, Paper 2018/067},
	year = {2018},
	url = {https://eprint.iacr.org/2018/067}
}

@misc{cryptoeprint:2018/117,
	author = {Shai Halevi and Yuriy Polyakov and Victor Shoup},
	title = {An Improved {RNS} Variant of the {BFV} Homomorphic Encryption Scheme},
	howpublished = {Cryptology {ePrint} Archive, Paper 2018/117},
	year = {2018},
	doi = {10.1007/978-3-030-12612-4_5},
	url = {https://eprint.iacr.org/2018/117}
}

@misc{cryptoeprint:2018/153,
	author = {Jung Hee Cheon and Kyoohyung Han and Andrey Kim and Miran Kim and Yongsoo Song},
	title = {Bootstrapping for Approximate Homomorphic Encryption},
	howpublished = {Cryptology {ePrint} Archive, Paper 2018/153},
	year = {2018},
	url = {https://eprint.iacr.org/2018/153}
}

@misc{cryptoeprint:2018/244,
	author = {Shai Halevi and Victor Shoup},
	title = {Faster Homomorphic Linear Transformations in {HElib}},
	howpublished = {Cryptology {ePrint} Archive, Paper 2018/244},
	year = {2018},
	url = {https://eprint.iacr.org/2018/244}
}

@misc{cryptoeprint:2018/589,
	author = {Ahmad Al Badawi and Yuriy Polyakov and Khin Mi Mi Aung and Bharadwaj Veeravalli and Kurt Rohloff},
	title = {Implementation and Performance Evaluation of {RNS} Variants of the {BFV} Homomorphic Encryption Scheme},
	howpublished = {Cryptology {ePrint} Archive, Paper 2018/589},
	year = {2018},
	doi = {10.1109/TETC.2019.2902799},
	url = {https://eprint.iacr.org/2018/589}
}

@misc{cryptoeprint:2018/931,
    author = {Jung Hee Cheon and Kyoohyung Han and Andrey Kim and Miran Kim and Yongsoo Song},
    title = {A Full {RNS} Variant of Approximate Homomorphic Encryption},
    howpublished = {Cryptology {ePrint} Archive, Paper 2018/931},
    year = {2018},
    url = {https://eprint.iacr.org/2018/931}
}

@misc{cryptoeprint:2018/952,
      author = {Duhyeong Kim and Yongsoo Song},
      title = {Approximate Homomorphic Encryption over the Conjugate-invariant Ring},
      howpublished = {Cryptology {ePrint} Archive, Paper 2018/952},
      year = {2018},
      url = {https://eprint.iacr.org/2018/952}
}

@misc{cryptoeprint:2018/1043,
	author = {Hao Chen and Ilaria Chillotti and Yongsoo Song},
	title = {Improved Bootstrapping for Approximate Homomorphic Encryption},
	howpublished = {Cryptology {ePrint} Archive, Paper 2018/1043},
	year = {2018},
	url = {https://eprint.iacr.org/2018/1043}
}

@misc{cryptoeprint:2018/1073,
	author = {Jung Hee Cheon and Kyoohyung Han and Minki Hhan},
	title = {Faster Homomorphic Discrete Fourier Transforms and Improved {FHE} Bootstrapping},
	howpublished = {Cryptology {ePrint} Archive, Paper 2018/1073},
	year = {2018},
	url = {https://eprint.iacr.org/2018/1073}
}

@misc{cryptoeprint:2019/688,
	author = {Kyoohyung Han and Dohyeong Ki},
	title = {Better Bootstrapping for Approximate Homomorphic Encryption},
	howpublished = {Cryptology {ePrint} Archive, Paper 2019/688},
	year = {2019},
	url = {https://eprint.iacr.org/2019/688}
}

@misc{cryptoeprint:2020/488,
	author = {Yongwoo Lee and Joonwoo Lee and Young-Sik Kim and Jong-Seon No},
	title = {Near-optimal Polynomial for Modulus Reduction Using L2-norm for Approximate Homomorphic Encryption},
	howpublished = {Cryptology {ePrint} Archive, Paper 2020/488},
	year = {2020},
	url = {https://eprint.iacr.org/2020/488}
}

@misc{cryptoeprint:2020/552,
	author = {Joon-Woo Lee and Eunsang Lee and Yongwoo Lee and Young-Sik Kim and Jong-Seon No},
	title = {High-Precision Bootstrapping of {RNS}-{CKKS} Homomorphic Encryption Using Optimal Minimax Polynomial Approximation and Inverse Sine Function},
	howpublished = {Cryptology {ePrint} Archive, Paper 2020/552},
	year = {2020},
	url = {https://eprint.iacr.org/2020/552}
}

@misc{cryptoeprint:2020/1118,
	author = {Andrey Kim and Antonis Papadimitriou and Yuriy Polyakov},
	title = {Approximate Homomorphic Encryption with Reduced Approximation Error},
	howpublished = {Cryptology {ePrint} Archive, Paper 2020/1118},
	year = {2020},
	url = {https://eprint.iacr.org/2020/1118}
}

@misc{cryptoeprint:2020/1203,
	author = {Jean-Philippe Bossuat and Christian Mouchet and Juan Troncoso-Pastoriza and Jean-Pierre Hubaux},
	title = {Efficient Bootstrapping for Approximate Homomorphic Encryption with Non-Sparse Keys},
	howpublished = {Cryptology {ePrint} Archive, Paper 2020/1203},
	year = {2020},
	url = {https://eprint.iacr.org/2020/1203}
}

@misc{cryptoeprint:2020/1355,
	author = {Charanjit S. Jutla and Nathan Manohar},
	title = {Modular Lagrange Interpolation of the Mod Function for Bootstrapping of Approximate {HE}},
	howpublished = {Cryptology {ePrint} Archive, Paper 2020/1355},
	year = {2020},
	url = {https://eprint.iacr.org/2020/1355}
}

@misc{cryptoeprint:2020/1483,
      author = {Eric Crockett},
      title = {A Low-Depth Homomorphic Circuit for Logistic Regression Model Training},
      howpublished = {Cryptology {ePrint} Archive, Paper 2020/1483},
      year = {2020},
      url = {https://eprint.iacr.org/2020/1483}
}

@misc{cryptoeprint:2020/1549,
	author = {Yongwoo Lee and Joon-Woo Lee and Young-Sik Kim and Yongjune Kim and Jong-Seon No and HyungChul Kang},
	title = {High-Precision Bootstrapping for Approximate Homomorphic Encryption by Error Variance Minimization},
	howpublished = {Cryptology {ePrint} Archive, Paper 2020/1549},
	year = {2020},
	url = {https://eprint.iacr.org/2020/1549}
}

@misc{cryptoeprint:2021/508,
	author = {Wonkyung Jung and Sangpyo Kim and Jung Ho Ahn and Jung Hee Cheon and Younho Lee},
	title = {Over 100x Faster Bootstrapping in Fully Homomorphic Encryption through Memory-centric Optimization with {GPUs}},
	howpublished = {Cryptology {ePrint} Archive, Paper 2021/508},
	year = {2021},
	url = {https://eprint.iacr.org/2021/508}
}

@misc{cryptoeprint:2021/572,
	author = {Charanjit Singh Jutla and Nathan Manohar},
	title = {Sine Series Approximation of the Mod Function for Bootstrapping of Approximate {HE}},
	howpublished = {Cryptology {ePrint} Archive, Paper 2021/572},
	year = {2021},
	url = {https://eprint.iacr.org/2021/572}
}

@misc{cryptoeprint:2021/691,
      author = {Andrey Kim and Maxim Deryabin and Jieun Eom and Rakyong Choi and Yongwoo Lee and Whan Ghang and Donghoon Yoo},
      title = {General Bootstrapping Approach for {RLWE}-based Homomorphic Encryption},
      howpublished = {Cryptology {ePrint} Archive, Paper 2021/691},
      year = {2021},
      url = {https://eprint.iacr.org/2021/691}
}

@misc{cryptoeprint:2022/024,
	author = {Jean-Philippe Bossuat and Juan Ram√≥n Troncoso-Pastoriza and Jean-Pierre Hubaux},
	title = {Bootstrapping for Approximate Homomorphic Encryption with Negligible Failure-Probability by Using Sparse-Secret Encapsulation},
	howpublished = {Cryptology {ePrint} Archive, Paper 2022/024},
	year = {2022},
	doi = {10.1007/978-3-031-09234-3_26},
	url = {https://eprint.iacr.org/2022/024}
}

@misc{cryptoeprint:2022/280,
	author = {Jung Hee Cheon and Wootae Kim and Jai Hyun Park},
	title = {Efficient Homomorphic Evaluation on Large Intervals},
	howpublished = {Cryptology {ePrint} Archive, Paper 2022/280},
	year = {2022},
	url = {https://eprint.iacr.org/2022/280}
}

@misc{cryptoeprint:2022/1167,
	author = {Youngjin Bae and Jung Hee Cheon and Wonhee Cho and Jaehyung Kim and Taekyung Kim},
	title = {{META}-{BTS}: Bootstrapping Precision Beyond the Limit},
	howpublished = {Cryptology {ePrint} Archive, Paper 2022/1167},
	year = {2022},
	url = {https://eprint.iacr.org/2022/1167}
}

@misc{cryptoeprint:2022/1256,
	author = {Seonghak Kim and Minji Park and Jaehyung Kim and Taekyung Kim and Chohong Min},
	title = {{EvalRound} Algorithm in {CKKS} Bootstrapping},
	howpublished = {Cryptology {ePrint} Archive, Paper 2022/1256},
	year = {2022},
	url = {https://eprint.iacr.org/2022/1256}
}

@misc{cryptoeprint:2022/1298,
      author = {Nir Drucker and Guy Moshkowich and Tomer Pelleg and Hayim Shaul},
      title = {{BLEACH}: Cleaning Errors in Discrete Computations over {CKKS}},
      howpublished = {Cryptology {ePrint} Archive, Paper 2022/1298},
      year = {2022},
      url = {https://eprint.iacr.org/2022/1298}
}

@misc{cryptoeprint:2023/149,
      author = {Ahmad Al Badawi and Yuriy Polyakov},
      title = {Demystifying Bootstrapping in Fully Homomorphic Encryption},
      howpublished = {Cryptology {ePrint} Archive, Paper 2023/149},
      year = {2023},
      url = {https://eprint.iacr.org/2023/149}
}

@misc{cryptoeprint:2023/1244,
      author = {Youngjin Bae and Jung Hee Cheon and Jaehyung Kim and Jai Hyun Park and Damien Stehl√©},
      title = {{HERMES}: Efficient Ring Packing using {MLWE} Ciphertexts and Application to Transciphering},
      howpublished = {Cryptology {ePrint} Archive, Paper 2023/1244},
      year = {2023},
      url = {https://eprint.iacr.org/2023/1244}
}

@misc{cryptoeprint:2023/1788,
      author = {Jung Hee Cheon and Wonhee Cho and Jaehyung Kim and Damien Stehl√©},
      title = {Homomorphic Multiple Precision Multiplication for {CKKS} and Reduced Modulus Consumption},
      howpublished = {Cryptology {ePrint} Archive, Paper 2023/1788},
      year = {2023},
      doi = {10.1145/3576915.3623086},
      url = {https://eprint.iacr.org/2023/1788}
}

@misc{cryptoeprint:2023/1462,
	author = {Rashmi Agrawal and Jung Ho Ahn and Flavio Bergamaschi and Ro Cammarota and Jung Hee Cheon and Fillipe D. M. de Souza and Huijing Gong and Minsik Kang and Duhyeong Kim and Jongmin Kim and Hubert de Lassus and Jai Hyun Park and Michael Steiner and Wen Wang},
	title = {High-precision {RNS}-{CKKS} on fixed but smaller word-size architectures: theory and application},
	howpublished = {Cryptology {ePrint} Archive, Paper 2023/1462},
	year = {2023},
	url = {https://eprint.iacr.org/2023/1462}
}

@misc{cryptoeprint:2024/417,
    author = {Hongyuan Qu and Guangwu Xu},
    title = {An improved exact {CRR} basis conversion algorithm for {FHE} without floating-point arithmetic},
    howpublished = {Cryptology {ePrint} Archive, Paper 2024/417},
    year = {2024},
    url = {https://eprint.iacr.org/2024/417}
}

@misc{cryptoeprint:2024/585,
      author = {Ardianto Satriawan and Rella Mareta and Hanho Lee},
      title = {A Complete Beginner Guide to the Number Theoretic Transform ({NTT})},
      howpublished = {Cryptology {ePrint} Archive, Paper 2024/585},
      year = {2024},
      doi = {10.1109/ACCESS.2023.3294446},
      url = {https://eprint.iacr.org/2024/585}
}

@misc{cryptoeprint:2024/767,
      author = {Youngjin Bae and Jung Hee Cheon and Jaehyung Kim and Damien Stehl√©},
      title = {Bootstrapping Bits with {CKKS}},
      howpublished = {Cryptology {ePrint} Archive, Paper 2024/767},
      year = {2024},
      doi = {https://doi.org/10.1007/978-3-031-58723-8_4},
      url = {https://eprint.iacr.org/2024/767}
}

@misc{cryptoeprint:2024/1284,
      author = {Youngjin Bae and Jung Hee Cheon and Guillaume Hanrot and Jai Hyun Park and Damien Stehl√©},
      title = {Plaintext-Ciphertext Matrix Multiplication and {FHE} Bootstrapping: Fast and Fused},
      howpublished = {Cryptology {ePrint} Archive, Paper 2024/1284},
      year = {2024},
      url = {https://eprint.iacr.org/2024/1284}
}

@misc{cryptoeprint:2024/1379,
      author = {Hyewon Sung and Sieun Seo and Taekyung Kim and Chohong Min},
      title = {{EvalRound}+ Bootstrapping and its Rigorous Analysis for {CKKS} Scheme},
      howpublished = {Cryptology {ePrint} Archive, Paper 2024/1379},
      year = {2024},
      url = {https://eprint.iacr.org/2024/1379}
}

@misc{cryptoeprint:2024/1623,
	author = {Andreea Alexandru and Andrey Kim and Yuriy Polyakov},
	title = {General Functional Bootstrapping using {CKKS}},
	howpublished = {Cryptology {ePrint} Archive, Paper 2024/1623},
	year = {2024},
	url = {https://eprint.iacr.org/2024/1623}
}

@misc{cryptoeprint:2024/1637,
      author = {Youngjin Bae and Jaehyung Kim and Damien Stehl√© and Elias Suvanto},
      title = {Bootstrapping Small Integers With {CKKS}},
      howpublished = {Cryptology {ePrint} Archive, Paper 2024/1637},
      year = {2024},
      url = {https://eprint.iacr.org/2024/1637}
}

@misc{cryptoeprint:2024/1638,
      author = {Jaehyung Kim and Taeyeong Noh},
      title = {Modular Reduction in {CKKS}},
      howpublished = {Cryptology {ePrint} Archive, Paper 2024/1638},
      year = {2024},
      url = {https://eprint.iacr.org/2024/1638}
}

@misc{cryptoeprint:2025/074,
      author = {Chao Niu and Zhicong Huang and Zhaomin Yang and Yi Chen and Liang Kong and Cheng Hong and Tao Wei},
      title = {{XBOOT}: Free-{XOR} Gates for {CKKS}  with Applications to Transciphering},
      howpublished = {Cryptology {ePrint} Archive, Paper 2025/074},
      year = {2025},
      url = {https://eprint.iacr.org/2025/074}
}

@misc{cryptoeprint:2025/429,
      author = {Seonhong Min and Joon-woo Lee and Yongsoo Song},
      title = {Enhanced {CKKS} Bootstrapping with Generalized Polynomial Composites Approximation},
      howpublished = {Cryptology {ePrint} Archive, Paper 2025/429},
      year = {2025},
      url = {https://eprint.iacr.org/2025/429}
}

@misc{cryptoeprint:2025/651,
      author = {Jean-S√©bastien Coron and Robin K√∂stler},
      title = {Low-Latency Bootstrapping for {CKKS} using Roots of Unity},
      howpublished = {Cryptology {ePrint} Archive, Paper 2025/651},
      year = {2025},
      url = {https://eprint.iacr.org/2025/651}
}

@misc{cryptoeprint:2025/784,
      author = {Jung Hee Cheon and Guillaume Hanrot and Jongmin Kim and Damien Stehl√©},
      title = {{SHIP}: A Shallow and Highly Parallelizable {CKKS} Bootstrapping Algorithm},
      howpublished = {Cryptology {ePrint} Archive, Paper 2025/784},
      year = {2025},
      url = {https://eprint.iacr.org/2025/784}
}
